<record><leader>00000cas a2200000 a 4500</leader><controlfield tag="001">50053553</controlfield><controlfield tag="008">020625u1854uuuumiuwr n       0    0eng c</controlfield><datafield ind1=" " ind2=" " tag="010"><subfield code="a">sn2002062240</subfield></datafield><datafield ind1=" " ind2=" " tag="040"><subfield code="a">MHN</subfield><subfield code="b">eng</subfield><subfield code="c">MHN</subfield><subfield code="d">OCLCQ</subfield><subfield code="d">OCLCF</subfield><subfield code="d">OCLCO</subfield></datafield><datafield ind1="1" ind2=" " tag="029"><subfield code="a">AU@</subfield><subfield code="b">000023726278</subfield></datafield><datafield ind1=" " ind2=" " tag="042"><subfield code="a">pcc</subfield></datafield><datafield ind1=" " ind2=" " tag="043"><subfield code="a">n-us-mi</subfield></datafield><datafield ind1="0" ind2="4" tag="245"><subfield code="a">The Fentonville observer.</subfield></datafield><datafield ind1=" " ind2=" " tag="260"><subfield code="a">Fentonville, Genesee Co., Mich. :</subfield><subfield code="b">[s.n.]</subfield></datafield><datafield ind1=" " ind2=" " tag="300"><subfield code="a">v.</subfield></datafield><datafield ind1=" " ind2=" " tag="310"><subfield code="a">Weekly</subfield></datafield><datafield ind1=" " ind2=" " tag="500"><subfield code="a">Fentonville changed its name to Fenton in 1863.</subfield></datafield><datafield ind1=" " ind2=" " tag="588"><subfield code="a">Description based on: Vol. 1, no. 28 (Apr. 28, 1854).</subfield></datafield><datafield ind1=" " ind2="0" tag="651"><subfield code="a">Fenton (Mich.)</subfield><subfield code="v">Newspapers.</subfield></datafield><datafield ind1=" " ind2="0" tag="651"><subfield code="a">Genesee County (Mich.)</subfield><subfield code="v">Newspapers.</subfield></datafield><datafield ind1=" " ind2="7" tag="655"><subfield code="a">Newspapers.</subfield><subfield code="2">fast</subfield><subfield code="0">(OCoLC)fst01423814</subfield></datafield><datafield ind1=" " ind2="7" tag="651"><subfield code="a">Michigan</subfield><subfield code="z">Fenton.</subfield><subfield code="2">fast</subfield><subfield code="0">(OCoLC)fst01219765</subfield></datafield><datafield ind1=" " ind2="7" tag="651"><subfield code="a">Michigan</subfield><subfield code="z">Genesee County.</subfield><subfield code="2">fast</subfield><subfield code="0">(OCoLC)fst01214779</subfield></datafield><datafield ind1=" " ind2=" " tag="752"><subfield code="a">United States</subfield><subfield code="b">Michigan</subfield><subfield code="c">Genesee</subfield><subfield code="d">Fenton.</subfield></datafield><datafield ind1="0" ind2="0" tag="780"><subfield code="t">Weekly observer (Fentonville, Mich.)</subfield><subfield code="w">(DLC)sn 96076877</subfield><subfield code="w">(OCoLC)35123618</subfield></datafield></record>